@STRING{CoNLL06 = {Proceedings of the Tenth Conference on Computational Natural Language Learning (CoNLL)}}

@inproceedings{CoNLL2007,
  author = "Joakim Nivre and Johan Hall and Sandra K{\"u}bler and Ryan McDonald and Jens Nilsson and Sebastian Riel and Deniz Yuret",
  title = "The {CoNLL} 2007 {S}hared {T}ask on {D}ependency {P}arsing",
  booktitle = "CoNLL Shared Task Session of EMNLP-CoNLL 2007",
  year = "2007",
  pages = "915--932"
}

@inproceedings{CoNLL2006,
  author = 	 "Sabine Buchholz and Erwin Marsi",
  title = 	 "{CoNLL-X} {S}hared {T}ask on {M}ultilingual {D}ependency {P}arsing",
  booktitle =  CoNLL06,
  year =	 {2006}
}

@inproceedings{HajicHladkaPajas2001,
Author = {Jan Haji{\v{c}} and Barbora Vidov{\'a}-Hladk{\'a} and Petr Pajas},
Title = "{The Prague Dependency Treebank: Annotation Structure and Support}",
BookTitle = {Proceedings of the IRCS Workshop on Linguistic Databases},
Pages = {105--114},
Publisher = {University of Pennsylvania, Philadelphia, USA},
Year = {2001}
}

@inproceedings{Jiri2007,
author = "Ji{\v{r}}{\'{i}} M{\'{i}}rovsk{\'{y}}",
title = "Netgraph: a {T}ool for {S}earching in {P}rague {D}ependency {T}reebank 2.0",
booktitle = "Proceedings of The Fifth International Treebanks and Linguistic Theories conference, Prague, Czech Republic",
year = "2006",
pages = "211--222",
}
@misc{DepSVG,
author = "Kaarel Kaljurand",
title = "{DepSVG}",
note = "URL: http:// www.ifi.unizh.ch/cl/kalju/download/depsvg/ (31 March, 2006)",
year = "2006",
}
