@STRING{ACL2005    = {Proc. of the 43rd Annual Meeting of the ACL}}

@InProceedings{Nivre+2005,
  author = 	 {Joakim Nivre and Jens Nilsson},
  title = 	 {Pseudo-Projective Dependency Parsing},
  booktitle = 	 ACL2005,
  year =	 2005,
  pages =        {99--106},
}

@inproceedings{kahane98pseudoprojectivity,
    author = "S. Kahane and A. Nasr and O. Rambow",
    title = "{P}seudo-{P}rojectivity: {A} {P}olynomially {P}arsable {N}on-{P}rojective {D}ependency {G}rammar",
    booktitle = "Proceedings of COLING/ACL",
    pages = "646-652",
    year = "1998",
    url = "citeseer.ist.psu.edu/586031.html"
}
